<?xml version="1.0" encoding="UTF-8"?><collection xmlns="http://www.loc.gov/MARC21/slim"><record><leader>00543nam--2200145-i-4500</leader><controlfield tag="001">000009293</controlfield><controlfield tag="002">20161230</controlfield><controlfield tag="005">20170304205555</controlfield><controlfield tag="008">060222s1000------------r-----000-0-eng-d</controlfield><datafield ind1=" " ind2=" " tag="245"><subfield code="a">Colloque international sur l action des rayonn ements sur les composants a semiconducteurs. Symposium on radiation effects on semiconductor components. 7-10 mars, Toulouse, France</subfield></datafield><datafield ind1=" " ind2=" " tag="260"><subfield code="a">Toulouse</subfield><subfield code="b">L Universite De Toulouse</subfield><subfield code="c">[1967]</subfield></datafield><datafield ind1=" " ind2=" " tag="300"><subfield code="a">11pP. + /P.Dif.</subfield></datafield><datafield ind1=" " ind2=" " tag="700"><subfield code="a">Cambou, F</subfield></datafield><datafield ind1=" " ind2=" " tag="852"><subfield code="a">539.12.04:621.382.3(061.3)</subfield></datafield><datafield ind1=" " ind2=" " tag="CAT"><subfield code="a">SYS</subfield><subfield code="c">20170304</subfield><subfield code="h">205555</subfield></datafield></record></collection>